---------
NoSQL
---------
@Book{Warden_2011,
  author = 	 {Pete Warden},
  title = 	 {Big Data Glossary},
  publisher = {O'Reilly Media},
  address = {Sebastopol},
  year = 	 {2011},
}

@Book{Tiwari_2011,
  author =   {Shashank Tiwari},
  title =    {Professional NoSQL},
  publisher = {John Wiley & Sons, Inc.},
  address = {Indianapolis},
  year =     {2011},
}

@Book{Redmond_2012,
  author =   {Eric Redmond & Jim R. Wilson},
  title =    {Seven Databases in Seven Weeks: A Guide to Modern Databases and the NoSQL Movement},
  publisher = {The Pragmatic Bookshelf},
  address = {Dallas},
  year =     {2012},
}




---------
MongoDB
---------
@Book{Chodorow_2011_tips,
  author =   {Kristina Chodorow},
  title =    {50 Tips and Tricks for MongoDB Developers},
  publisher = {O'Reilly Media},
  address = {Sebastopol},
  year =     {2011},
}

@Book{Chodorow_2011_scaling,
  author =   {Kristina Chodorow & Michael Dirolf},
  title =    {Scaling MongoDB},
  publisher = {O'Reilly Media},
  address = {Sebastopol},
  year =     {2011},
}

@Book{Ohiggins_2011,
  author =   {Niall O'Higgins},
  title =    {MongoDB and Python: Patterns and Processes for the Popular Document-Oriented Database},
  publisher = {O'Reilly Media},
  address = {Sebastopol},
  year =     {2011},
}

@Book{Chodorow_2010,
  author =   {Kristina Chodorow & Michael Dirolf},
  title =    {MongoDB: The Definitive Guide},
  publisher = {O'Reilly Media},
  address = {Sebastopol},
  year =     {2010},
}

@Book{Plugge_2010,
  author =   {Eelco Plugge & Tim Hawkins & Peter Membrey},
  title =    {The Definitive Guide to MongoDB: The NoSQL Database for Cloud and Desktop Computing},
  publisher = {Apress/Springer-Verlag},
  address = {New York},
  year =     {2010},
}

@electronic{mongo_manual,
	author = {{10gen, Inc.}},
	title = {MongoDB Manual},
	url = {http://docs.mongodb.org/manual/},
	year = {2013},
	urldate = {2013-05-27}
}

------
Other
------